%% This BibTeX bibliography file was created using BibDesk.
%% https://bibdesk.sourceforge.io/

%% Created for Christian Che-Castaldo at 2020-12-18 11:30:48 -0800 


%% Saved with string encoding Unicode (UTF-8) 



@book{Gelman:2009fu,
	Address = {Cambridge, UK},
	Author = {Gelman, A. and Hill, J.},
	Date-Added = {2020-12-18 11:17:17 -0800},
	Date-Modified = {2020-12-18 11:17:17 -0800},
	Publisher = {Cambridge University Press},
	Title = {Data analysis using regression and multilievel / hierarchical modeling},
	Year = {2009}}

@book{mcelreath2020statistical,
	Address = {Boca Raton, Florida},
	Author = {McElreath, Richard},
	Date-Added = {2020-12-18 11:13:06 -0800},
	Date-Modified = {2020-12-18 11:30:48 -0800},
	Edition = {2nd},
	Publisher = {CRC Press},
	Title = {{Statistical rethinking: A bayesian course with examples in R and STAN}},
	Year = {2020}}

@book{gelman2020regression,
	Address = {Cambridge, UK},
	Author = {Gelman, A. and Hill, J. and Vehhtari, Aki},
	Date-Added = {2020-12-18 09:26:48 -0700},
	Date-Modified = {2020-12-18 11:18:23 -0800},
	Publisher = {Cambridge University Press},
	Title = {Regression and other stories},
	Year = {2020}}

@book{GelmanRedBook,
	Address = {London, UK},
	Author = {Gelman, Andrew and Carlin, John B. and Stern, Hal S. and Dunson, David and Vehhtari, Aki and Rubin, Donald B},
	Date-Added = {2020-12-18 09:26:48 -0700},
	Date-Modified = {2020-12-18 09:26:48 -0700},
	Pages = {668},
	Publisher = {Chapman and Hall / CRC},
	Title = {{B}ayesian data analysis},
	Year = {2013}}

@book{Hobbs_and_Hooten_2015,
	Address = {Princeton New Jersey, USA},
	Author = {Hobbs, N. T. and Hooten, M. B.},
	Date-Added = {2020-12-18 09:26:48 -0700},
	Date-Modified = {2020-12-18 09:26:48 -0700},
	Publisher = {Princeton University Press},
	Title = {Bayesian models: A statistical primer for ecologists},
	Year = {2015}}

@book{Kery:2012uq,
	Address = {Waltham, MA, USA},
	Author = {K\'{e}ry, M. and Schaub, M.},
	Date-Added = {2020-12-18 09:26:48 -0700},
	Date-Modified = {2020-12-18 09:26:48 -0700},
	Pages = {535},
	Publisher = {Academic Press},
	Title = {Bayesian population analysis using {WinBUGS}: A hierarchical perspective},
	Year = {2012}}

@book{Link:2010qq,
	Author = {Link, W. A. and Barker, R. J.},
	Date-Added = {2020-12-18 09:26:48 -0700},
	Date-Modified = {2020-12-18 09:26:48 -0700},
	Pages = {339},
	Publisher = {Academic Press},
	Title = {{B}ayesian inference with ecological applications},
	Year = {2010}}

@book{McCarthy_Bayes_book,
	Address = {Cambridge, UK},
	Author = {McCarthy, M. A.},
	Date-Added = {2020-12-18 09:26:48 -0700},
	Date-Modified = {2020-12-18 09:26:48 -0700},
	Pages = {295},
	Publisher = {Cambridge University Press},
	Title = {Bayesian methods for ecology},
	Year = {2007}}

@book{Royle:2008ud,
	Address = {London, UK},
	Author = {Royle, J. Andrew and Dorazio, R. M.},
	Date-Added = {2020-12-18 09:26:48 -0700},
	Date-Modified = {2020-12-18 09:26:48 -0700},
	Pages = {444},
	Publisher = {Academic Press},
	Title = {Hierarchical modeling and inference in ecology: the analysis of data from populations, metapopulations, and communities},
	Year = {2008}}
